@article{reshef2011detecting,
  title={Detecting novel associations in large data sets},
  author={Reshef, David N and Reshef, Yakir A and Finucane, Hilary K and Grossman, Sharon R and McVean, Gilean and Turnbaugh, Peter J and Lander, Eric S and Mitzenmacher, Michael and Sabeti, Pardis C},
  journal={science},
  volume={334},
  number={6062},
  pages={1518--1524},
  year={2011},
  publisher={American Association for the Advancement of Science}
}

@article{cho2012human,
  title={The human microbiome: at the interface of health and disease},
  author={Cho, Ilseung and Blaser, Martin J},
  journal={Nature Reviews Genetics},
  volume={13},
  number={4},
  pages={260--270},
  year={2012},
  publisher={Nature Publishing Group}
}

@article{koren2012host,
  title={Host remodeling of the gut microbiome and metabolic changes during pregnancy},
  author={Koren, Omry and Goodrich, Julia K and Cullender, Tyler C and Spor, Aym{\'e} and Laitinen, Kirsi and Kling B{\"a}ckhed, Helene and Gonzalez, Antonio and Werner, Jeffrey J and Angenent, Largus T and Knight, Rob and others},
  journal={Cell},
  volume={150},
  number={3},
  pages={470--480},
  year={2012},
  publisher={Elsevier}
}

@article{speed2011correlation,
  title={A Correlation for the 21st Century},
  author={Speed, Terry},
  journal={science},
  volume={334},
  number={6062},
  pages={1502--1503},
  year={2011},
  publisher={American Association for the Advancement of Science}
}


